[gd_scene load_steps=10 format=2]

[ext_resource path="res://Scripts/Roulette/RouletteGame.gd" type="Script" id=1]
[ext_resource path="res://Resources/Sprites/Roulette/bg.png" type="Texture" id=2]
[ext_resource path="res://Resources/Sprites/Roulette/wheel.png" type="Texture" id=3]
[ext_resource path="res://Shaders/bg_scroll.shader" type="Shader" id=4]
[ext_resource path="res://Resources/Sprites/Roulette/pointer.png" type="Texture" id=5]
[ext_resource path="res://Resources/Sprites/Roulette/btn_spin.png" type="Texture" id=6]
[ext_resource path="res://Resources/Sprites/Roulette/img_2.png" type="Texture" id=7]

[sub_resource type="ShaderMaterial" id=1]
shader = ExtResource( 4 )
shader_param/SPEED_X = 0.1
shader_param/SPEED_Y = 0.0
shader_param/CHANGE_COLOR = false

[sub_resource type="StyleBoxTexture" id=2]
texture = ExtResource( 6 )
region_rect = Rect2( 0, 0, 469, 154 )

[node name="RouletteGame" type="Control"]
anchor_right = 1.0
anchor_bottom = 1.0
script = ExtResource( 1 )
__meta__ = {
"_edit_use_anchors_": false
}

[node name="BG" type="TextureRect" parent="."]
material = SubResource( 1 )
anchor_right = 1.0
anchor_bottom = 1.0
texture = ExtResource( 2 )
expand = true
stretch_mode = 7
__meta__ = {
"_edit_use_anchors_": false
}

[node name="img_2" type="TextureRect" parent="."]
anchor_left = 0.5
anchor_top = 0.5
anchor_right = 0.5
anchor_bottom = 0.5
margin_left = -246.5
margin_top = -566.0
margin_right = 246.5
margin_bottom = 61.0
texture = ExtResource( 7 )
__meta__ = {
"_edit_use_anchors_": false
}

[node name="Wheel" type="TextureRect" parent="."]
anchor_left = 0.5
anchor_top = 0.5
anchor_right = 0.5
anchor_bottom = 0.5
margin_left = -401.0
margin_top = -360.5
margin_right = 401.0
margin_bottom = 440.5
rect_pivot_offset = Vector2( 401, 400.5 )
texture = ExtResource( 3 )

[node name="Pointer" type="TextureRect" parent="."]
anchor_left = 0.5
anchor_top = 0.5
anchor_right = 0.5
anchor_bottom = 0.5
margin_left = -39.0
margin_top = -228.5
margin_right = 41.0
margin_bottom = -147.5
texture = ExtResource( 5 )

[node name="ButtonSpin" type="Button" parent="."]
anchor_left = 0.5
anchor_top = 1.0
anchor_right = 0.5
anchor_bottom = 1.0
margin_left = -234.5
margin_top = -242.0
margin_right = 234.5
margin_bottom = -88.0
focus_mode = 0
custom_styles/hover = SubResource( 2 )
custom_styles/pressed = SubResource( 2 )
custom_styles/focus = SubResource( 2 )
custom_styles/disabled = SubResource( 2 )
custom_styles/normal = SubResource( 2 )
shortcut_in_tooltip = false
enabled_focus_mode = 0

[node name="Timer" type="Timer" parent="."]
wait_time = 3.0
one_shot = true

[connection signal="pressed" from="ButtonSpin" to="." method="_on_ButtonSpin_pressed"]
[connection signal="timeout" from="Timer" to="." method="_on_Timer_timeout"]
